<record><leader>00000cas a22000007a 4500</leader><controlfield tag="001">22271749</controlfield><controlfield tag="008">900824d19031909aruwr ne      0    0eng d</controlfield><datafield ind1=" " ind2=" " tag="010"><subfield code="a">sn 90050286 </subfield></datafield><datafield ind1=" " ind2=" " tag="040"><subfield code="a">ANU</subfield><subfield code="b">eng</subfield><subfield code="c">ANU</subfield><subfield code="d">OCLCQ</subfield></datafield><datafield ind1=" " ind2=" " tag="042"><subfield code="a">msc</subfield></datafield><datafield ind1="0" ind2=" " tag="130"><subfield code="a">Lincoln County enterprise (Star City, Ark. : 1907)</subfield></datafield><datafield ind1="1" ind2="0" tag="245"><subfield code="a">Lincoln County enterprise.</subfield></datafield><datafield ind1=" " ind2=" " tag="260"><subfield code="a">Star City, Lincoln County, Ark. :</subfield><subfield code="b">Alex Boyd, W.F. Norton</subfield></datafield><datafield ind1=" " ind2=" " tag="300"><subfield code="a">v.</subfield></datafield><datafield ind1=" " ind2=" " tag="310"><subfield code="a">Weekly</subfield></datafield><datafield ind1="1" ind2=" " tag="362"><subfield code="a">Began in 1903; ceased in 1909.</subfield></datafield><datafield ind1=" " ind2=" " tag="588"><subfield code="a">Description based on: Vol. 5, no. 12 (Nov. 8, 1907).</subfield></datafield><datafield ind1=" " ind2="4" tag="651"><subfield code="a">Star City (Ark.)</subfield><subfield code="v">Newspapers.</subfield></datafield><datafield ind1=" " ind2=" " tag="752"><subfield code="a">United States</subfield><subfield code="b">Arkansas</subfield><subfield code="c">Lincoln</subfield><subfield code="d">Star City.</subfield></datafield><datafield ind1="0" ind2="4" tag="785"><subfield code="t">Lincoln ledger (Star City, Ark.)</subfield><subfield code="w">(DLC)sn 90050280</subfield></datafield><datafield ind1="1" ind2=" " tag="029"><subfield code="a">AU@</subfield><subfield code="b">000025904487</subfield></datafield></record>